<?xml version="1.0" encoding="UTF-8"?><collection xmlns="http://www.loc.gov/MARC21/slim"><record><leader>00539nam--2200193-i-4500</leader><controlfield tag="001">000020076</controlfield><controlfield tag="002">20161230</controlfield><controlfield tag="005">20170204194335</controlfield><controlfield tag="008">060222s1000------------r-----000-0-rum-d</controlfield><datafield ind1=" " ind2=" " tag="040"><subfield code="a">IFIN-HH</subfield></datafield><datafield ind1=" " ind2=" " tag="041"><subfield code="a">rum</subfield></datafield><datafield ind1=" " ind2=" " tag="080"><subfield code="a">53(076.1)</subfield></datafield><datafield ind1="1" ind2=" " tag="100"><subfield code="a">Popescu, Ion M</subfield></datafield><datafield ind1="1" ind2="0" tag="245"><subfield code="a">Culegere de probleme de fizica</subfield><subfield code="c">Ion M. Popescu, Gabriela F. Cone, Gheorghe A. Stanciu</subfield></datafield><datafield ind1=" " ind2=" " tag="260"><subfield code="a">Bucuresti</subfield><subfield code="b">Editura Didactica Si Pedagogica</subfield><subfield code="c">1982</subfield></datafield><datafield ind1=" " ind2=" " tag="300"><subfield code="a">648 p</subfield></datafield><datafield ind1="1" ind2=" " tag="700"><subfield code="a">Stanciu, Gheorghe A</subfield></datafield><datafield ind1=" " ind2=" " tag="852"><subfield code="a">70716</subfield><subfield code="c">53</subfield></datafield><datafield ind1=" " ind2=" " tag="CAT"><subfield code="a">SYS</subfield><subfield code="c">20170204</subfield><subfield code="h">194335</subfield></datafield></record></collection>